<?xml version="1.0" encoding="UTF-8"?><collection xmlns="http://www.loc.gov/MARC21/slim"><record><leader>00445nam--2200133-i-4500</leader><controlfield tag="001">000039440</controlfield><controlfield tag="002">20161230</controlfield><controlfield tag="005">20161230201042</controlfield><controlfield tag="008">060222s1000------------r-----000-0-eng-d</controlfield><datafield ind1=" " ind2=" " tag="080"><subfield code="a">541.10</subfield></datafield><datafield ind1=" " ind2=" " tag="100"><subfield code="a">Roche, Anne-Lise</subfield></datafield><datafield ind1=" " ind2=" " tag="245"><subfield code="a">Defauts a l`approximation de born-oppenheimer dans des problemes de perturbation et de predissociation de molecules diatomiques. these</subfield></datafield><datafield ind1=" " ind2=" " tag="260"><subfield code="a">Paris, L`Univ.Pierre Et Marie Curie, 1976, /Dif.P.</subfield></datafield><datafield ind1=" " ind2=" " tag="852"><subfield code="a">44838</subfield></datafield></record></collection>